<record><leader>00000cas a22000007a 4500</leader><controlfield tag="001">31319323</controlfield><controlfield tag="008">941020d19341937okuwr ne      0    0eng d</controlfield><datafield ind1=" " ind2=" " tag="010"><subfield code="a">sn 94061248 </subfield></datafield><datafield ind1=" " ind2=" " tag="040"><subfield code="a">OBN</subfield><subfield code="b">eng</subfield><subfield code="c">OBN</subfield><subfield code="d">OCLCQ</subfield><subfield code="d">OCLCO</subfield></datafield><datafield ind1="1" ind2=" " tag="029"><subfield code="a">AU@</subfield><subfield code="b">000011305900</subfield></datafield><datafield ind1=" " ind2=" " tag="042"><subfield code="a">msc</subfield></datafield><datafield ind1=" " ind2=" " tag="043"><subfield code="a">n-us-ok</subfield></datafield><datafield ind1="0" ind2="4" tag="245"><subfield code="a">The Fargo statesman and Ellis County statesman.</subfield></datafield><datafield ind1=" " ind2=" " tag="260"><subfield code="a">Arnett, Ellis County, Okla. :</subfield><subfield code="b">W.M. Beardsley &amp; R. Beardsley</subfield></datafield><datafield ind1=" " ind2=" " tag="300"><subfield code="a">v.</subfield></datafield><datafield ind1=" " ind2=" " tag="310"><subfield code="a">Weekly</subfield></datafield><datafield ind1="0" ind2=" " tag="362"><subfield code="a">Vol. 1, no. 1 = v. 10, no. 22 (Sept. 27, 1934)-v. 12, no. 52 (Apr. 22, 1937).</subfield></datafield><datafield ind1=" " ind2="0" tag="651"><subfield code="a">Arnett (Okla.)</subfield><subfield code="v">Newspapers.</subfield></datafield><datafield ind1=" " ind2="0" tag="651"><subfield code="a">Ellis County (Okla.)</subfield><subfield code="v">Newspapers.</subfield></datafield><datafield ind1=" " ind2=" " tag="752"><subfield code="a">United States</subfield><subfield code="b">Oklahoma</subfield><subfield code="c">Ellis</subfield><subfield code="d">Arnett.</subfield></datafield><datafield ind1="0" ind2="0" tag="780"><subfield code="t">Fargo statesman</subfield></datafield></record>